@IEEEtranBSTCTL{IEEEexample:BSTcontrol,
    CTLuse_article_number = "yes",
    CTLuse_paper = "yes",
    CTLuse_url = "yes",
    CTLuse_forced_etal = "no",
    CTLmax_names_forced_etal = "10",
    CTLnames_show_etal = "1",
    CTLuse_alt_spacing = "yes",
    CTLalt_stretch_factor = "4",
    CTLdash_repeated_names = "no",
    CTLname_format_string = "{f.˜}{vv˜}{ll}{, jj}",
    CTLname_latex_cmd = "",
    CTLname_url_prefix = "[Online]. Available:"
}


@misc{khanAcademy, title={The one-time pad}, url={https://www.khanacademy.org/computing/computer-science/cryptography/crypt/v/one-time-pad}, journal={Khan Academy}, publisher={Khan Academy}}
@misc{derekmolloy.ie, title={Writing a Linux Kernel Module - Part 1: Introduction}, url={http://derekmolloy.ie/writing-a-linux-kernel-module-part-1-introduction/}, journal={derekmolloy.ie}}

@misc{asymmetric, title={Asymmetric encryption - Simply explained}, url={https://www.youtube.com/watch?v=AQDCe585Lnc&vl=en}, journal={YouTube}, publisher={YouTube}, year={2017}, month={Oct}}
