@IEEEtranBSTCTL{IEEEexample:BSTcontrol,
    CTLuse_article_number = "yes",
    CTLuse_paper = "yes",
    CTLuse_url = "yes",
    CTLuse_forced_etal = "no",
    CTLmax_names_forced_etal = "10",
    CTLnames_show_etal = "1",
    CTLuse_alt_spacing = "yes",
    CTLalt_stretch_factor = "4",
    CTLdash_repeated_names = "no",
    CTLname_format_string = "{f.˜}{vv˜}{ll}{, jj}",
    CTLname_latex_cmd = "",
    CTLname_url_prefix = "[Online]. Available:"
}

@misc{whatIsFitFirst, title={Online CS Modules: Memory Allocation}, url={https://courses.cs.vt.edu/csonline/OS/Lessons/MemoryAllocation/index.html}, journal={Napier's Chessboard Calculator - Addition}}

@misc{breakingSLOBpaper, author={Dan Rosenurg}, title={A Heap of Trouble: Breaking the Linux Kernel SLOB Allocator}, url={https://www.vsecurity.com/download/papers/slob-exploitation.pdf} }

@misc{breakingSLOBdemo, title={A Heap of Trouble: Breaking the Linux Kernel SLOB Allocator}, author={Dan Rosenburg}, journal={Virtual Security Research}, url={http://vulnfactory.org/research/slob.pdf} }

@misc{slobSlabSlub, title={Slab Allocators in the Linux Kernel: SLAB, SLOB, SLUB}, url={https://events.static.linuxfound.org/sites/events/files/slides/slaballocators.pdf}, author={Christopher Lameter} }

